@conference{zhang2007phinding,
  title={{Phinding phish: Evaluating anti-phishing tools}},
  author={Zhang, Y. and Egelman, S. and Cranor, L. and Hong, J.},
  booktitle={Proceedings of the 14th Annual Network and Distributed System Security Symposium (NDSS 2007)},
  year={2007},
  organization={Citeseer}
}

@conference{egelman2008you,
  title={{You've been warned: an empirical study of the effectiveness of web browser phishing warnings}},
  author={Egelman, S. and Cranor, L.F. and Hong, J.},
  booktitle={Proceeding of the twenty-sixth annual SIGCHI conference on Human factors in computing systems},
  pages={1065--1074},
  year={2008},
  organization={ACM}
}

@misc{gartnersurvey,
  title={{Gartner Survey Shows Phishing Attacks Escalated in 2007}},
  author={McCall, T.},
  note={\url{http://www.gartner.com/it/page.jsp?id=565125}}
}

@conference{sheng2009improving,
  title={{Improving phishing countermeasures: An analysis of expert interviews}},
  author={Sheng, S. and Kumaraguru, P. and Acquisti, A. and Cranor, L. and Hong, J.},
  booktitle={eCrime Researchers Summit},
  pages={1--15},
  year={2009},
  organization={IEEE}
}

@misc{apwg2010h1,
  title={{Global Phishing Survey: Trends and Domain Name Use in 1H2010}},
  author={Rasmussen, R. and Aaron, G. and Routt, A},
  note={\url{http://www.antiphishing.org/reports/APWG\_GlobalPhishingSurvey\_1H2010.pdf}}
}

@conference{mcgrath2008behind,
  title={{Behind phishing: an examination of phisher modi operandi}},
  author={McGrath, D.K. and Gupta, M.},
  booktitle={Proceedings of the 1st Usenix Workshop on Large-Scale Exploits and Emergent Threats},
  pages={1--8},
  year={2008},
  organization={USENIX Association}
}

@conference{dhamija2006why,
  title={{Why phishing works}},
  author={Dhamija, R. and Tygar, J.D. and Hearst, M.},
  booktitle={Proceedings of the SIGCHI conference on Human Factors in computing systems},
  pages={581--590},
  isbn={1595933727},
  year={2006},
  organization={ACM}
}

@conference{wu2006security,
  title={{Do security toolbars actually prevent phishing attacks?}},
  author={Wu, M. and Miller, R.C. and Garfinkel, S.L.},
  booktitle={Proceedings of the SIGCHI conference on Human Factors in computing systems},
  pages={601--610},
  isbn={1595933727},
  year={2006},
  organization={ACM}
}

@article{ludl2007effectiveness,
  title={{On the effectiveness of techniques to detect phishing sites}},
  author={Ludl, C. and McAllister, S. and Kirda, E. and Kruegel, C.},
  journal={Detection of Intrusions and Malware, and Vulnerability Assessment},
  pages={20--39},
  year={2007},
  publisher={Springer}
}

@conference{zhang2007cantina,
  title={{CANTINA: a content-based approach to detecting phishing web sites}},
  author={Zhang, Y. and Hong, J.I. and Cranor, L.F.},
  booktitle={Proceedings of the 16th international conference on World Wide Web},
  pages={639--648},
  year={2007},
  organization={ACM}
}

@conference{dhamija2005battle,
  title={{The battle against phishing: Dynamic security skins}},
  author={Dhamija, R. and Tygar, J.D.},
  booktitle={Proceedings of the 2005 symposium on Usable privacy and security},
  pages={77--88},
  isbn={1595931783},
  year={2005},
  organization={ACM}
}

@conference{wu2006web,
  title={{Web wallet: preventing phishing attacks by revealing user intentions}},
  author={Wu, M. and Miller, R.C. and Little, G.},
  booktitle={Proceedings of the second symposium on Usable privacy and security},
  pages={102--113},
  isbn={1595934480},
  year={2006},
  organization={ACM}
}

@misc{facebooklogin,
  title={{World of Google zombies mistake news story for Facebook}},
  author={Metz, C},
  note={\url{http://www.theregister.co.uk/2010/02/12/google\_de\_facto\_internet\_gateway/}}
}

@misc{googledns,
  title={{Google Public DNS}},
  key={google public dns},
  note={\url{http://code.google.com/speed/public-dns/}}
}

@misc{opendns,
  title={{Open DNS}},
  key={opendns},
  note={\url{http://www.opendns.com/}}
}

@misc{wot,
  title={{WOT Web of Trust}},
  key={wot},
  note={\url{http://www.mywot.com/}}
}

@misc{wotapi,
  title={{API - WOT Wiki}},
  key={wotapi},
  note={\url{http://www.mywot.com/wiki/API}}
}

@misc{phishtank,
  title={{PhishTank}},
  key={PhishTank},
  note={\url{http://www.phishtank.com/}}
}

@book{knuth1973art,
  title={{The art of computer programming}},
  author={Knuth, D.E.},
  volume={3},
  year={1973},
  pages={391--392},
  publisher={Addison-Wesley, Reading, MA}
}

@article{jagatic2007social,
  title={{Social phishing}},
  author={Jagatic, T.N. and Johnson, N.A. and Jakobsson, M. and Menczer, F.},
  journal={Communications of the ACM},
  volume={50},
  number={10},
  pages={94--100},
  issn={0001-0782},
  year={2007},
  publisher={ACM}
}

@misc{firefox,
  title={{Mozilla Firefox}},
  key={Mozilla Firefox},
  note={\url{http://www.mozilla.com/firefox/}}
}

@misc{netapplications,
  title={{Net Applications - Browser Market Share}},
  key={Net Applications},
  note={\url{http://marketshare.hitslink.com/report.aspx?qprid=0}}
}

@misc{statcounter,
  title={{StatCounter - Top 5 Browsers}},
  key={StatCounter},
  note={\url{http://gs.statcounter.com/}}
}

@conference{samuel2009requestpolicy,
  title={{RequestPolicy: Increasing Web Browsing Privacy through Control of Cross-Site Requests}},
  author={Samuel, J. and Zhang, B.},
  booktitle={Privacy Enhancing Technologies},
  pages={128--142},
  year={2009},
  organization={Springer}
}